%---------------------------------------------------------------------------------------------------
 %Regeln:
% - Autoren immer mit `and' verbinden
% - Umlaute und sz mit {\"a}, {\"o}, {\"u}, {\ss}, {\"A}, ...
%---------------------------------------------------------------------------------------------------

% Beginn des Literaturverzeichnisses ---------------------------------------------------------------

%---------------------------------------------------------------------------------------------------
% LaTeX
%---------------------------------------------------------------------------------------------------

@book{Robotics,
  author =       {Peter Corke},
  title =        {Robotics, Vision and Control},
  publisher =    {Springer-Verlag},
  year =         {2013},
  isbn =         {978-3-642-20143-1},
}
@misc{Bug2,
	title	= {Robotic Motion Plannung: Bug Algorithmus},
	author	= {Howie Choset},
	url	= {https://www.cs.cmu.edu/~motionplanning/lecture/Chap2-Bug-Alg_howie.pdf},
}

@misc{WegPlanung,
	title	= {Einführung in die Robotic Wegplanung},
	author	= {Mohamed Oubbati},
	url	= {https://www.uni-ulm.de/fileadmin/website_uni_ulm/iui.inst.130/Mitarbeiter/oubbati/RobotikWS1113/Folien/WegPlanung.pdf},
	year	= {2013},
}
@misc{bmwi,
	title	= {Digitale Transformation in der Industrie},
	author	= {Bundesministerium für Wirtschaft und Energie},
	url	= {https://www.bmwi.de/Redaktion/DE/Dossier/industrie-40.html},
	year	= {},
}
@mastersthesis{Bachelor,
  title 	= {Bahnplanung, Selbstlokalisierung und Hindernisumfahrung eines mobilen Roboters},
  author 	= {Ronja G{\"u}ldenring},
  year 		= {2015},
  type 		= {Studienarbeit},
  school 	= {\HAW},
  url		= {http://edoc.sub.uni-hamburg.de/haw/volltexte/2016/3219/pdf/Bachelorarbeit_R.Gueldenring.pdf},
}



 
% Ende des Literaturverzeichnisses -----------------------------------------------------------------